<record><leader>00000cas a22000007a 4500</leader><controlfield tag="001">11933170</controlfield><controlfield tag="008">850417c19779999njuwr ne      0    0eng d</controlfield><datafield ind1=" " ind2=" " tag="010"><subfield code="a">sn 85035574 </subfield></datafield><datafield ind1=" " ind2=" " tag="040"><subfield code="a">NPA</subfield><subfield code="b">eng</subfield><subfield code="c">NPA</subfield><subfield code="d">OCLCQ</subfield></datafield><datafield ind1=" " ind2=" " tag="042"><subfield code="a">msc</subfield></datafield><datafield ind1="0" ind2=" " tag="130"><subfield code="a">Monmouth County eagle (1977)</subfield></datafield><datafield ind1="1" ind2="0" tag="245"><subfield code="a">Monmouth County eagle.</subfield></datafield><datafield ind1=" " ind2=" " tag="260"><subfield code="a">Long Branch, N.J. :</subfield><subfield code="b">Eagle Pub. Co.,</subfield><subfield code="c">1977-</subfield></datafield><datafield ind1=" " ind2=" " tag="300"><subfield code="a">v. :</subfield><subfield code="b">ill.</subfield></datafield><datafield ind1=" " ind2=" " tag="310"><subfield code="a">Weekly</subfield></datafield><datafield ind1="0" ind2=" " tag="362"><subfield code="a">Vol. 20, no. 8 (Feb. 24, 1977)-</subfield></datafield><datafield ind1=" " ind2=" " tag="530"><subfield code="a">Also issued on microfilm by Micro-Graphic Corp., Garfield, N.J. and by New Jersey State Library, Dept. of Education.</subfield></datafield><datafield ind1=" " ind2=" " tag="752"><subfield code="a">United States</subfield><subfield code="b">New Jersey</subfield><subfield code="c">Monmouth</subfield><subfield code="d">Long Branch.</subfield></datafield><datafield ind1="0" ind2="0" tag="780"><subfield code="t">Eagle (Long Branch, N.J. : 1967)</subfield><subfield code="w">(DLC)sn 85035573</subfield></datafield></record>